id,price,qty,quoteQty,time,isBuyerMaker,isBestMatch
177360467,0.02342000,0.00800000,0.00018736,1590784278652,True,True
177360468,0.02342000,0.21800000,0.00510556,1590784278652,True,True
177360469,0.02342000,0.38900000,0.00911038,1590784279184,True,True
177360470,0.02342000,0.67800000,0.01587876,1590784279386,True,True
177360471,0.02342000,2.84200000,0.06655964,1590784279492,True,True
177360472,0.02342000,8.64200000,0.20239564,1590784280017,True,True
177360473,0.02342200,0.00800000,0.00018737,1590784282411,False,True
177360474,0.02342200,0.05300000,0.00124136,1590784282411,False,True
177360475,0.02342200,0.74400000,0.01742596,1590784282566,False,True
177360476,0.02342200,0.06800000,0.00159269,1590784282566,False,True
177360477,0.02342200,0.01400000,0.00032790,1590784282698,False,True
177360478,0.02342200,0.76900000,0.01801151,1590784282698,False,True
177360479,0.02342300,0.06100000,0.00142880,1590784282698,False,True
177360480,0.02342500,0.65600000,0.01536680,1590784282698,False,True
177360481,0.02341900,0.00800000,0.00018735,1590784287481,True,True
177360482,0.02341900,10.27900000,0.24072390,1590784287481,True,True
177360483,0.02341900,2.76500000,0.06475353,1590784290328,True,True
177360484,0.02341800,0.03800000,0.00088988,1590784290484,True,True
177360485,0.02341800,0.02400000,0.00056203,1590784292244,True,True
177360486,0.02341800,0.01000000,0.00023418,1590784292778,True,True
177360487,0.02341900,0.00800000,0.00018735,1590784300270,True,True
177360488,0.02341800,1.53700000,0.03599346,1590784300270,True,True
177360489,0.02341800,0.22600000,0.00529246,1590784300385,True,True
177360490,0.02341800,0.03600000,0.00084304,1590784300502,True,True
177360491,0.02341800,0.22200000,0.00519879,1590784302297,True,True
177360492,0.02341500,0.01200000,0.00028098,1590784302928,True,True
177360493,0.02342000,0.79700000,0.01866574,1590784309858,False,True
177360494,0.02342000,0.00800000,0.00018736,1590784309858,False,True
177360495,0.02342000,0.08700000,0.00203754,1590784309858,False,True
177360496,0.02342100,0.34500000,0.00808024,1590784309858,False,True
177360497,0.02342300,1.98400000,0.04647123,1590784309858,False,True
177360498,0.02341600,0.00800000,0.00018732,1590784325084,True,True
177360499,0.02341600,0.33800000,0.00791460,1590784325084,True,True
177360500,0.02341600,0.02700000,0.00063223,1590784325277,True,True
177360501,0.02341600,0.16000000,0.00374656,1590784325898,True,True
177360502,0.02341900,0.08100000,0.00189693,1590784326718,False,True
177360503,0.02342200,0.00800000,0.00018737,1590784326718,False,True
177360504,0.02342300,0.11900000,0.00278733,1590784326718,False,True
177360505,0.02341700,0.00800000,0.00018733,1590784327090,True,True
177360506,0.02341700,0.33100000,0.00775102,1590784327090,True,True
177360507,0.02341900,0.08200000,0.00192035,1590784327189,True,True
177360508,0.02342000,0.00800000,0.00018736,1590784329833,False,True
177360509,0.02342000,0.10600000,0.00248252,1590784329833,False,True
177360510,0.02341700,0.01400000,0.00032783,1590784335671,False,True
177360511,0.02341500,0.00800000,0.00018732,1590784337532,True,True
177360512,0.02341800,0.61900000,0.01449574,1590784337539,False,True
177360513,0.02341400,0.26500000,0.00620471,1590784339367,True,True
177360514,0.02341000,0.15200000,0.00355832,1590784339472,True,True
177360515,0.02341000,7.00000000,0.16387000,1590784339472,True,True
177360516,0.02340900,1.79400000,0.04199574,1590784339686,True,True
177360517,0.02340600,0.28900000,0.00676433,1590784340121,True,True
177360518,0.02340400,2.27000000,0.05312708,1590784340319,True,True
177360519,0.02341000,0.13700000,0.00320717,1590784340495,False,True
177360520,0.02341000,0.00800000,0.00018728,1590784340495,False,True
177360521,0.02341000,0.27600000,0.00646116,1590784340495,False,True
177360522,0.02341100,0.90300000,0.02114013,1590784340495,False,True
177360523,0.02340700,0.03400000,0.00079583,1590784347025,True,True
177360524,0.02340700,0.64900000,0.01519114,1590784347135,True,True
177360525,0.02341000,0.13200000,0.00309012,1590784348895,False,True
177360526,0.02341000,0.00800000,0.00018728,1590784348895,False,True
177360527,0.02341000,0.15300000,0.00358173,1590784349017,False,True
177360528,0.02341100,3.31600000,0.07763087,1590784349017,False,True
177360529,0.02340800,0.22500000,0.00526680,1590784382601,False,True
177360530,0.02340900,1.49800000,0.03506668,1590784382601,False,True
177360531,0.02341100,6.28600000,0.14716154,1590784382601,False,True
177360532,0.02340800,0.00800000,0.00018726,1590784392363,True,True
177360533,0.02340700,9.99200000,0.23388274,1590784392363,True,True
177360534,0.02341100,0.00800000,0.00018728,1590784392618,False,True
177360535,0.02341200,0.08200000,0.00191978,1590784392618,False,True
177360536,0.02340800,0.00800000,0.00018726,1590784401506,True,True
177360537,0.02340700,0.00400000,0.00009362,1590784401506,True,True
177360538,0.02340700,0.00400000,0.00009362,1590784403188,True,True
177360539,0.02340400,0.12000000,0.00280848,1590784403188,True,True
177360540,0.02340400,0.22600000,0.00528930,1590784405712,False,True
177360541,0.02340300,2.00000000,0.04680600,1590784406193,True,True
177360542,0.02340400,9.50000000,0.22233800,1590784406826,False,True
177360543,0.02340300,2.00000000,0.04680600,1590784412659,True,True
177360544,0.02340300,1.36100000,0.03185148,1590784418963,True,True
177360545,0.02340100,0.09000000,0.00210609,1590784422950,True,True
177360546,0.02340400,5.00000000,0.11702000,1590784433197,False,True
177360547,0.02340400,1.16900000,0.02735927,1590784433303,False,True
177360548,0.02340400,0.00800000,0.00018723,1590784438915,True,True
177360549,0.02340400,0.04200000,0.00098296,1590784438915,True,True
177360550,0.02340600,0.03600000,0.00084261,1590784454414,True,True
177360551,0.02340700,0.00500000,0.00011703,1590784462897,True,True
177360552,0.02340400,0.02600000,0.00060850,1590784462988,True,True
177360553,0.02340400,0.11300000,0.00264465,1590784464777,True,True
177360554,0.02340500,0.21200000,0.00496186,1590784465108,False,True
177360555,0.02340800,0.00800000,0.00018726,1590784465108,False,True
177360556,0.02340800,0.29200000,0.00683513,1590784465108,False,True
177360557,0.02341000,7.00000000,0.16387000,1590784465108,False,True
177360558,0.02341100,5.50000000,0.12876050,1590784465108,False,True
177360559,0.02341500,30.02300000,0.70298854,1590784465108,False,True
177360560,0.02340700,0.00800000,0.00018725,1590784465315,True,True
177360561,0.02340700,0.33900000,0.00793497,1590784465315,True,True
177360562,0.02340400,1.99700000,0.04673778,1590784465825,True,True
177360563,0.02340200,0.10000000,0.00234020,1590784468741,True,True
177360564,0.02340200,0.26500000,0.00620153,1590784475799,True,True
177360565,0.02340100,3.06500000,0.07172406,1590784475799,True,True
177360566,0.02340600,0.00800000,0.00018724,1590784478199,False,True
177360567,0.02340700,0.33400000,0.00781793,1590784478199,False,True
177360568,0.02340800,1.73000000,0.04049584,1590784478199,False,True
177360569,0.02340400,0.02200000,0.00051488,1590784478347,True,True
177360570,0.02340400,0.25400000,0.00594461,1590784478452,True,True
177360571,0.02340400,0.64400000,0.01507217,1590784479296,True,True
177360572,0.02340400,0.01500000,0.00035106,1590784482472,True,True
177360573,0.02340500,0.01600000,0.00037448,1590784490186,True,True
177360574,0.02340700,0.00800000,0.00018725,1590784491384,False,True
177360575,0.02341000,0.01100000,0.00025751,1590784491384,False,True
177360576,0.02340500,0.00800000,0.00018724,1590784496577,True,True
177360577,0.02340400,0.26900000,0.00629567,1590784500260,True,True
177360578,0.02340500,0.03900000,0.00091279,1590784507673,False,True
177360579,0.02340800,0.10100000,0.00236420,1590784509659,True,True
177360580,0.02340700,0.00800000,0.00018725,1590784527609,True,True
177360581,0.02340500,0.10900000,0.00255114,1590784529911,True,True
177360582,0.02340500,6.40800000,0.14997924,1590784543231,True,True
177360583,0.02340400,0.07400000,0.00173189,1590784544661,True,True
177360584,0.02340900,0.00800000,0.00018727,1590784550099,False,True
177360585,0.02341000,0.16000000,0.00374560,1590784550099,False,True
177360586,0.02340700,0.01500000,0.00035110,1590784550227,True,True
177360587,0.02340700,0.22600000,0.00528998,1590784577265,True,True
177360588,0.02340700,0.23100000,0.00540701,1590784578348,True,True
177360589,0.02340900,0.00800000,0.00018727,1590784578616,False,True
177360590,0.02340900,0.02500000,0.00058522,1590784578616,False,True
177360591,0.02341000,0.00800000,0.00018728,1590784578616,False,True
177360592,0.02341000,0.36800000,0.00861488,1590784578616,False,True
177360593,0.02341100,0.71600000,0.01676227,1590784578616,False,True
177360594,0.02341200,1.66600000,0.03900439,1590784578616,False,True
177360595,0.02341100,0.35500000,0.00831090,1590784584804,False,True
177360596,0.02341100,0.58700000,0.01374225,1590784584804,False,True
177360597,0.02341100,0.31500000,0.00737446,1590784585548,False,True
177360598,0.02341100,0.30400000,0.00711694,1590784586869,False,True
177360599,0.02341100,0.00700000,0.00016387,1590784587130,False,True
177360600,0.02341100,0.28700000,0.00671895,1590784588063,False,True
177360601,0.02340900,0.80500000,0.01884424,1590784588935,False,True
177360602,0.02340900,0.01900000,0.00044477,1590784592294,False,True
177360603,0.02340800,0.00800000,0.00018726,1590784596355,True,True
177360604,0.02340800,0.04700000,0.00110017,1590784596497,False,True
177360605,0.02340900,0.01300000,0.00030431,1590784596626,True,True
177360606,0.02340900,0.32300000,0.00756110,1590784596832,True,True
177360607,0.02340900,1.28300000,0.03003374,1590784597009,True,True
177360608,0.02340900,2.00000000,0.04681800,1590784597240,True,True
177360609,0.02340900,2.69400000,0.06306384,1590784597980,True,True
177360610,0.02340800,1.98600000,0.04648828,1590784599041,True,True
177360611,0.02340700,0.00300000,0.00007022,1590784600587,True,True
177360612,0.02340700,0.00600000,0.00014044,1590784600587,True,True
177360613,0.02340400,0.00800000,0.00018723,1590784600705,True,True
177360614,0.02340300,1.71000000,0.04001913,1590784602853,True,True
177360615,0.02340300,0.07500000,0.00175522,1590784602853,True,True
177360616,0.02340300,0.99400000,0.02326258,1590784607871,False,True
177360617,0.02340300,0.47900000,0.01121003,1590784607874,False,True
177360618,0.02340300,0.41100000,0.00961863,1590784607875,False,True
177360619,0.02340400,0.01700000,0.00039786,1590784607875,False,True
177360620,0.02340000,0.10000000,0.00234000,1590784615813,True,True
177360621,0.02340000,0.07600000,0.00177840,1590784615813,True,True
177360622,0.02340000,0.07700000,0.00180180,1590784615813,True,True
177360623,0.02340000,0.01300000,0.00030420,1590784616440,False,True
177360624,0.02339600,8.51700000,0.19926373,1590784621674,True,True
177360625,0.02339600,0.79900000,0.01869340,1590784621878,True,True
177360626,0.02339500,0.11600000,0.00271382,1590784622192,True,True
177360627,0.02339600,0.01200000,0.00028075,1590784623980,False,True
177360628,0.02339600,1.48500000,0.03474306,1590784624863,False,True
177360629,0.02339600,0.51800000,0.01211912,1590784628279,True,True
177360630,0.02339600,0.37600000,0.00879689,1590784631309,True,True
177360631,0.02339600,0.94600000,0.02213261,1590784633496,True,True
177360632,0.02340100,0.00800000,0.00018720,1590784635145,False,True
177360633,0.02340200,0.74800000,0.01750469,1590784635145,False,True
177360634,0.02340200,0.97900000,0.02291055,1590784635145,False,True
177360635,0.02340100,0.00800000,0.00018720,1590784637256,False,True
177360636,0.02340400,0.05400000,0.00126381,1590784637256,False,True
177360637,0.02340400,0.18600000,0.00435314,1590784637256,False,True
177360638,0.02340400,0.68700000,0.01607854,1590784637552,False,True
177360639,0.02340400,0.10400000,0.00243401,1590784637552,False,True
177360640,0.02339700,0.00800000,0.00018717,1590784640167,True,True
177360641,0.02339700,1.06600000,0.02494120,1590784640167,True,True
177360642,0.02340300,0.84200000,0.01970532,1590784640457,False,True
177360643,0.02340400,0.01600000,0.00037446,1590784640457,False,True
177360644,0.02340300,0.00800000,0.00018722,1590784640663,False,True
177360645,0.02340300,0.83400000,0.01951810,1590784640663,False,True
177360646,0.02339800,0.05100000,0.00119329,1590784647782,True,True
177360647,0.02339700,0.00800000,0.00018717,1590784670596,True,True
177360648,0.02339700,0.06700000,0.00156759,1590784671237,False,True
177360649,0.02339700,0.08700000,0.00203553,1590784671237,False,True
177360650,0.02339500,0.33000000,0.00772035,1590784671870,True,True
177360651,0.02339500,0.24700000,0.00577856,1590784676441,True,True
177360652,0.02339500,0.22600000,0.00528727,1590784680477,True,True
177360653,0.02339500,0.04900000,0.00114635,1590784681220,True,True
177360654,0.02339500,1.02200000,0.02390969,1590784682483,True,True
177360655,0.02339500,7.20100000,0.16846739,1590784682904,True,True
177360656,0.02339800,0.04400000,0.00102951,1590784683162,False,True
177360657,0.02339500,3.41200000,0.07982374,1590784683672,True,True
177360658,0.02339400,0.18400000,0.00430449,1590784683934,True,True
177360659,0.02339400,5.00000000,0.11697000,1590784685682,True,True
177360660,0.02339500,8.09500000,0.18938252,1590784686543,True,True
177360661,0.02339500,0.93500000,0.02187432,1590784687921,False,True
177360662,0.02339500,0.06500000,0.00152067,1590784687921,False,True
177360663,0.02339600,7.95200000,0.18604499,1590784687921,False,True
177360664,0.02339500,0.12100000,0.00283079,1590784698150,False,True
177360665,0.02339400,0.31400000,0.00734571,1590784699176,True,True
177360666,0.02339400,9.11600000,0.21325970,1590784699597,True,True
177360667,0.02339400,0.08100000,0.00189491,1590784700651,True,True
177360668,0.02339400,2.67600000,0.06260234,1590784701497,True,True
177360669,0.02339400,0.01300000,0.00030412,1590784724365,True,True
177360670,0.02339400,0.01300000,0.00030412,1590784726359,True,True
177360671,0.02339500,0.04300000,0.00100598,1590784726656,False,True
177360672,0.02339400,0.15700000,0.00367285,1590784728172,True,True
177360673,0.02339500,0.02900000,0.00067845,1590784733329,False,True
177360674,0.02339500,0.07200000,0.00168444,1590784733606,False,True
177360675,0.02339600,0.56400000,0.01319534,1590784733926,False,True
177360676,0.02339600,0.84500000,0.01976962,1590784734140,False,True
177360677,0.02339600,5.00000000,0.11698000,1590784734253,False,True
177360678,0.02339500,0.02800000,0.00065506,1590784735334,False,True
177360679,0.02339400,0.53500000,0.01251579,1590784738129,True,True
177360680,0.02339500,0.50700000,0.01186126,1590784739770,False,True
177360681,0.02339500,0.53500000,0.01251632,1590784740167,False,True
177360682,0.02339500,0.06100000,0.00142709,1590784743473,True,True
177360683,0.02339600,0.78000000,0.01824888,1590784744047,False,True
177360684,0.02339600,0.78800000,0.01843604,1590784744440,False,True
177360685,0.02339600,0.05000000,0.00116980,1590784744447,False,True
177360686,0.02339600,1.36000000,0.03181856,1590784744554,False,True
177360687,0.02339600,0.18400000,0.00430486,1590784744729,False,True
177360688,0.02339600,12.52000000,0.29291792,1590784744760,False,True
177360689,0.02339600,12.69900000,0.29710580,1590784744874,False,True
177360690,0.02339800,0.85000000,0.01988830,1590784746472,False,True
177360691,0.02339800,1.73700000,0.04064232,1590784746588,False,True
177360692,0.02340000,0.00800000,0.00018720,1590784747241,True,True
177360693,0.02340000,0.00800000,0.00018720,1590784747241,True,True
177360694,0.02340200,2.09000000,0.04891018,1590784750535,False,True
177360695,0.02340200,0.59400000,0.01390078,1590784753425,False,True
177360696,0.02339900,0.01300000,0.00030418,1590784762527,True,True
177360697,0.02340300,0.00800000,0.00018722,1590784775539,False,True
177360698,0.02340500,0.78100000,0.01827930,1590784775539,False,True
177360699,0.02340400,0.00800000,0.00018723,1590784778663,False,True
177360700,0.02340500,0.68400000,0.01600902,1590784778663,False,True
177360701,0.02340600,0.09600000,0.00224697,1590784778663,False,True
177360702,0.02340500,1.58000000,0.03697990,1590784781534,False,True
177360703,0.02340600,0.78800000,0.01844392,1590784781843,False,True
177360704,0.02340600,0.03700000,0.00086602,1590784782651,False,True
177360705,0.02340200,0.00800000,0.00018721,1590784783664,True,True
177360706,0.02340500,0.00800000,0.00018724,1590784784974,False,True
177360707,0.02340600,0.78000000,0.01825668,1590784784974,False,True
177360708,0.02340200,0.00800000,0.00018721,1590784785038,True,True
177360709,0.02340500,0.00800000,0.00018724,1590784785728,False,True
177360710,0.02340600,1.01100000,0.02366346,1590784785728,False,True
177360711,0.02340200,0.00800000,0.00018721,1590784785800,True,True
177360712,0.02340200,0.00800000,0.00018721,1590784786697,True,True
177360713,0.02340100,0.18800000,0.00439938,1590784787625,True,True
177360714,0.02340100,0.01200000,0.00028081,1590784787728,True,True
177360715,0.02340200,0.01600000,0.00037443,1590784802339,True,True
177360716,0.02340200,0.01300000,0.00030422,1590784802783,True,True
